<?xml version="1.0" encoding="UTF-8"?><collection xmlns="http://www.loc.gov/MARC21/slim"><record><leader>00559nam--2200169-i-4500</leader><controlfield tag="001">000039298</controlfield><controlfield tag="002">20161230</controlfield><controlfield tag="005">20161230201042</controlfield><controlfield tag="008">060222s1000------------r-----000-0-rus-d</controlfield><datafield ind1=" " ind2=" " tag="040"><subfield code="a">IFIN-HH</subfield></datafield><datafield ind1=" " ind2=" " tag="041"><subfield code="a">rus</subfield></datafield><datafield ind1=" " ind2=" " tag="080"><subfield code="a">539.12.08(061.3)</subfield></datafield><datafield ind1="1" ind2=" " tag="110"><subfield code="a">Sovet Ekonomiceskoi Vzaimopomosi</subfield></datafield><datafield ind1="1" ind2="0" tag="245"><subfield code="a">Progress v insividualnoi dozimetrii vnesnego oblucenia</subfield><subfield code="b">Sbornik dokladov berlin, gdr, noiabri 1985g</subfield></datafield><datafield ind1=" " ind2=" " tag="260"><subfield code="a">Berlin</subfield><subfield code="b">Gosudarstvennii Komitet Po Atomnoi I Radiationni Vezopasnosti Gdr</subfield></datafield><datafield ind1=" " ind2=" " tag="852"><subfield code="a">74085</subfield><subfield code="c">539.1.07:59.1.08</subfield></datafield><datafield ind1=" " ind2=" " tag="CAT"><subfield code="a">Sys</subfield><subfield code="c">20111031</subfield><subfield code="h">134133</subfield></datafield></record></collection>